<?xml version="1.0" encoding="UTF-8"?><collection xmlns="http://www.loc.gov/MARC21/slim"><record><leader>00571nam--2200205-i-4500</leader><controlfield tag="001">000003516</controlfield><controlfield tag="002">20161230</controlfield><controlfield tag="005">20161230201025</controlfield><controlfield tag="008">060222s1000------------r-----000-0-rus-d</controlfield><datafield ind1=" " ind2=" " tag="040"><subfield code="a">IFIN-HH</subfield></datafield><datafield ind1=" " ind2=" " tag="041"><subfield code="a">rus</subfield></datafield><datafield ind1=" " ind2=" " tag="080"><subfield code="a">539.16(021)</subfield></datafield><datafield ind1="1" ind2=" " tag="100"><subfield code="a">Perlman, Isadore</subfield></datafield><datafield ind1="1" ind2="0" tag="245"><subfield code="a">Alfa-radioaktivnosti</subfield><subfield code="c">Isadore perlman, john o. rasmussen</subfield></datafield><datafield ind1=" " ind2=" " tag="260"><subfield code="a">Moskva</subfield><subfield code="b">Inostrannoi Literaturi</subfield><subfield code="c">1959</subfield></datafield><datafield ind1=" " ind2=" " tag="300"><subfield code="a">246P</subfield></datafield><datafield ind1=" " ind2=" " tag="500"><subfield code="a">Titlul Original In Lima Engleza: Alpha Radioactivity</subfield></datafield><datafield ind1="1" ind2=" " tag="700"><subfield code="a">Rasmussen, John O</subfield></datafield><datafield ind1=" " ind2=" " tag="852"><subfield code="a">6639</subfield><subfield code="c">539.16</subfield></datafield><datafield ind1=" " ind2=" " tag="CAT"><subfield code="a">Sys</subfield><subfield code="c">20120514</subfield><subfield code="h">141526</subfield></datafield></record></collection>